@comment{x-kbibtex-personnameformatting=<%l><, %f><, %s>}

@book{ArtOfMpP,
	abstract = "Amazon.com: The Art of Multiprocessor Programming (9780123705914): Maurice Herlihy, Nir Shavit: Books",
	added-at = "2009-11-02T15:18:44.000+0100",
	asin = "0123705916",
	author = "Herlihy, Maurice and Shavit, Nir",
	dewey = "004",
	ean = "9780123705914",
	interhash = "00dfa23ad90df7d5cd9fe99c64261f54",
	intrahash = "28d6df3c9513e8aae1093917556733cc",
	isbn = "0123705916",
	keywords = "Appendix Architecture CAS Hardware Java Memory MultiCore Programming",
	month = "April",
	publisher = "Morgan Kaufmann",
	title = "{The Art of Multiprocessor Programming}",
	url = "http://www.bibsonomy.org/bibtex/228d6df3c9513e8aae1093917556733cc/gron",
	x-fetchedfrom = "Bibsonomy",
	year = 2008
}

@misc{traeffSlides,
	author = "Tr{\"a}ff, Jesper Larsson",
	school = "TUWien",
	title = "{Advanced Multiprocessor Programming Slides}",
	year = "2015"
}

@article{journals/ipl/Hehner81,
	added-at = "2011-07-07T00:00:00.000+0200",
	author = "Hehner, Eric C. R.",
	biburl = "http://www.bibsonomy.org/bibtex/2739d4dbfd150bea6d682e995e0b7dbef/dblp",
	ee = "http://dx.doi.org/10.1016/0020-0190(81)90071-5",
	interhash = "18b212120deaf40b7e10de4cee740ec6",
	intrahash = "739d4dbfd150bea6d682e995e0b7dbef",
	journal = "Inf. Process. Lett.",
	keywords = "dblp",
	number = 1,
	pages = "26--30",
	title = "{Bunch Theory: A Simple Set Theory for Computer Science.}",
	url = "http://dblp.uni-trier.de/db/journals/ipl/ipl12.html#Hehner81",
	volume = 12,
	x-fetchedfrom = "Bibsonomy",
	year = 1981
}

@misc{amd64ArchManual,
	author = "Technology, AMD64",
	month = sep,
	pages = "624",
	title = "{AMD64 Architecture Programmer{\rq}s Manual}",
    howpublished = "\url{http://developer.amd.com/wordpress/media/2012/10/24593_APM_v2.pdf}",
	year = "2012"
}

@misc{cppref:compare_exchange,
	author = "cppreference.com",
	month = jun,
	title = "{cppreferences std::atomic::compare\_exchange}",
	howpublished = "\url{http://en.cppreference.com/w/cpp/atomic/atomic/compare_exchange}",
	year = "2015"
}
